@book{ZILL,
   author  = {D. G. Zill}, 
   TITLE   = {Equa\c{c}\~{o}es Diferenciais},
   YEAR    = "2012",
   PUBLISHER = "CENGAGE Learning",
   ADDRESS  = "São Paulo",
}

@book{STRAUCH,
   author  = {I. Strauch}, 
   TITLE   = {Análise de Fourier em 9 aulas},
   YEAR    = "2006",
   PUBLISHER = "Notas de aula",
   ADDRESS  = "Porto Alegre",
}
